<?xml version="1.0" encoding="UTF-8"?><collection xmlns="http://www.loc.gov/MARC21/slim"><record><leader>00334nam--2200121-i-4500</leader><controlfield tag="001">000050264</controlfield><controlfield tag="002">20161230</controlfield><controlfield tag="005">20161230201048</controlfield><controlfield tag="008">060222s1000------------r-----000-0-eng-d</controlfield><datafield ind1=" " ind2=" " tag="100"><subfield code="a">Balezin,S.A</subfield></datafield><datafield ind1=" " ind2=" " tag="245"><subfield code="a">Rukovodstvo k prakticheskim zanatiiam po fizicheskoi i kolloidnoi himii</subfield></datafield><datafield ind1=" " ind2=" " tag="260"><subfield code="a">Moskva, Gosximizat, 1950. 168 S</subfield></datafield><datafield ind1=" " ind2=" " tag="852"><subfield code="a">3631</subfield></datafield></record></collection>